<?xml version="1.0" encoding="UTF-8"?><collection xmlns="http://www.loc.gov/MARC21/slim"><record><leader>00441nam--2200145-i-4500</leader><controlfield tag="001">000017139</controlfield><controlfield tag="002">20161230</controlfield><controlfield tag="005">20161230201032</controlfield><controlfield tag="008">060222s1000------------r-----000-0-eng-d</controlfield><datafield ind1=" " ind2=" " tag="080"><subfield code="a">548.5</subfield></datafield><datafield ind1=" " ind2=" " tag="100"><subfield code="a">Stefan Balint, Zeno Schlett, Ioan Jadaneant</subfield></datafield><datafield ind1=" " ind2=" " tag="245"><subfield code="a">A modelling of the single crystalline sheet growth process from the melt</subfield></datafield><datafield ind1=" " ind2=" " tag="260"><subfield code="a">Tipografia Universitatii Din Timisoara,  1993</subfield></datafield><datafield ind1=" " ind2=" " tag="490"><subfield code="a">Monografii De Fizica</subfield></datafield><datafield ind1=" " ind2=" " tag="852"><subfield code="a">74617</subfield></datafield></record></collection>